%% This BibTeX bibliography file was created using BibDesk.
%% http://bibdesk.sourceforge.net/


%% Created for davidcarley at 2012-04-19 10:53:47 -0400 


%% Saved with string encoding Unicode (UTF-8) 



@misc{satcompetition,
	Author = {{SATC}omp {O}rganizing committee},
	Date-Added = {2012-04-09 16:58:37 +0000},
	Date-Modified = {2012-04-09 17:01:58 +0000},
	Howpublished = {{A}ccessed from \url{http://satcompetition.org/}.},
	Title = {{T}he international {\sc Sat} {C}ompetitions web page}}

@article{Stankovich_Dikin_Dommett_Kohlhaas_Zimney_Stach_Piner_Nguyen_Ruoff_2006,
	Author = {Stankovich, Sasha and Dikin, Dmitriy A and Dommett, Geoffrey H B and Kohlhaas, Kevin M and Zimney, Eric J and Stach, Eric A and Piner, Richard D and Nguyen, Sonbinh T and Ruoff, Rodney S},
	Date-Added = {2012-04-06 16:16:38 +0000},
	Date-Modified = {2012-04-06 16:16:38 +0000},
	Journal = {Nature},
	Number = {7100},
	Pages = {282--6},
	Publisher = {NATURE PUBLISHING GROUP},
	Title = {Graphene-based composite materials},
	Url = {http://www.ncbi.nlm.nih.gov/pubmed/16855586},
	Volume = {442},
	Year = {2006},
	Bdsk-Url-1 = {http://www.ncbi.nlm.nih.gov/pubmed/16855586}}

@article{Heng_Aksimentiev_Ho_Marks_Grinkova_Sligar_Schulten_Timp_2006,
	Author = {Heng, J B and Aksimentiev, A and Ho, C and Marks, P and Grinkova, Y V and Sligar, S and Schulten, K and Timp, G},
	Date-Added = {2012-04-02 14:19:29 +0000},
	Date-Modified = {2012-04-09 13:21:59 +0000},
	Journal = {Biophysical Journal},
	Number = {3},
	Pages = {1098--106},
	Publisher = {Elsevier},
	Title = {The electromechanics of {DNA} in a synthetic nanopore.},
	Url = {http://www.ncbi.nlm.nih.gov/pubmed/16284270},
	Volume = {90},
	Year = {2006},
	Bdsk-Url-1 = {http://www.ncbi.nlm.nih.gov/pubmed/16284270}}

@misc{oxfordNanopore,
	Author = {{O}xford {N}anopore {T}echnologies},
	Date-Added = {2012-04-02 14:08:55 +0000},
	Date-Modified = {2012-04-02 14:10:38 +0000},
	Howpublished = {Accessed from \url{http://www.nanoporetech.com/}},
	Title = {{O}xford {N}anopore {T}echnologies}}

@article{Liao_Lee_Liu_Hsieh_Luo_2005,
	Author = {Liao, Chia-Sheng and Lee, Gwo-Bin and Liu, Hsiao-Sheng and Hsieh, Tsung-Min and Luo, Ching-Hsing},
	Date-Added = {2012-03-31 23:35:45 +0000},
	Date-Modified = {2012-04-09 13:22:34 +0000},
	Journal = {Nucleic Acids Research},
	Number = {18},
	Pages = {e156},
	Publisher = {Oxford University Press},
	Title = {Miniature {RT}--{PCR} system for diagnosis of {RNA}-based viruses},
	Url = {http://www.pubmedcentral.nih.gov/articlerender.fcgi?artid=1253840&tool=pmcentrez&rendertype=abstract},
	Volume = {33},
	Year = {2005},
	Bdsk-Url-1 = {http://www.pubmedcentral.nih.gov/articlerender.fcgi?artid=1253840&tool=pmcentrez&rendertype=abstract}}

@article{Braich02solutionof,
	Author = {Ravinderjit S. Braich and Nickolas Chelyapov and Cliff Johnson and Paul W. K. Rothemund and Leonard Adleman},
	Date-Added = {2012-03-31 16:21:24 +0000},
	Date-Modified = {2012-04-09 13:21:29 +0000},
	Journal = {Science},
	Pages = {499--502},
	Title = {Solution of a 20-variable 3-{\sc SAT} Problem on a {DNA} computer},
	Volume = {296},
	Year = {2002}}

@article{baltimore1971exp,
	Author = {Baltimore, D.},
	Date-Added = {2012-03-30 18:43:17 +0000},
	Date-Modified = {2012-03-30 18:43:17 +0000},
	Journal = {Bacteriol Rev},
	Number = {3},
	Pages = {235-41},
	Title = {Expression of animal virus genomes.},
	Volume = {35},
	Year = {1971}}

@book{marek2009,
	Author = {Victor W. Marek},
	Date-Added = {2012-03-29 15:12:15 +0000},
	Date-Modified = {2012-03-29 15:15:11 +0000},
	Publisher = {CRC Press},
	Title = {Introduction to Mathematics of Satisfiability},
	Year = {2009}}

@inproceedings{Gomes98boostingcombinatorial,
	Acmid = {295710},
	Address = {Menlo Park, CA, USA},
	Author = {Gomes, Carla P. and Selman, Bart and Kautz, Henry},
	Booktitle = {Proceedings of the fifteenth national/tenth conference on Artificial intelligence/Innovative applications of artificial intelligence},
	Date-Added = {2012-02-08 16:57:51 -0500},
	Date-Modified = {2012-02-08 16:58:06 -0500},
	Isbn = {0-262-51098-7},
	Location = {Madison, Wisconsin, United States},
	Numpages = {7},
	Pages = {431--437},
	Publisher = {American Association for Artificial Intelligence},
	Series = {AAAI '98/IAAI '98},
	Title = {Boosting combinatorial search through randomization},
	Url = {http://dl.acm.org/citation.cfm?id=295240.295710},
	Year = {1998},
	Bdsk-Url-1 = {http://dl.acm.org/citation.cfm?id=295240.295710}}

@misc{ionTorrent,
	Author = {{L}ife {T}echnologies},
	Date-Added = {2012-02-07 20:17:32 -0500},
	Date-Modified = {2012-02-08 17:03:58 -0500},
	Howpublished = {Accessed from \url{http://www.iontorrent.com/}},
	Title = {{I}on {T}orrent}}

@book{fryVisualizingData,
	Author = {Ben Fry},
	Date-Added = {2012-02-07 20:14:18 -0500},
	Date-Modified = {2012-02-07 20:15:00 -0500},
	Publisher = {O'Reilly Media Inc.},
	Title = {Visualizing Data},
	Year = {2008}}

@book{furkaBook,
	Author = {Furka, \'{A}rp\'{a}d},
	Date-Added = {2012-02-06 15:25:29 -0500},
	Date-Modified = {2012-04-19 14:53:04 +0000},
	Publisher = {-},
	Title = {Combinatorial Chemistry Combinatorial Chemistry Principles and Techniques},
	Year = {2007}}

@article{furka1982,
	Author = {Furka, \'{A}rp\'{a}d},
	Date-Added = {2012-02-06 10:50:52 -0500},
	Date-Modified = {2012-04-19 14:53:45 +0000},
	Journal = {Notarized on May 29, 1982. {A}ccessed from \url{http://szerves.chem.elte.hu/furka/}},
	Month = {May},
	Title = {STUDY ON POSSIBILITIES OF SYSTEMATIC SEARCHING FOR PHARMACEUTICALLY USEFUL PEPTIDES},
	Year = {1982}}

@misc{godelLetter1956,
	Author = {Kurt G\"{o}del},
	Date-Added = {2012-02-02 11:06:25 -0500},
	Date-Modified = {2012-02-07 16:34:02 -0500},
	Howpublished = {Letter},
	Month = {20 March},
	Title = {{G}\"{o}del's {L}etter to von {N}eumann. {A}ccessed from: \url{http://rjlipton.wordpress.com/the-gdel-letter/}},
	Year = {1956}}

@article{feynman1959,
	Author = {Richard Feynman},
	Date-Added = {2012-02-02 11:01:45 -0500},
	Date-Modified = {2012-02-07 16:34:16 -0500},
	Journal = {Caltech Engineering and Science},
	Number = {5},
	Title = {There's {P}lenty of {R}oom at {T}he {B}ottom. {A}ccessed from: \url{http://resolver.caltech.edu/CaltechES:23.5.0}},
	Volume = {23},
	Year = {1960}}

@book{DBLP:books/fm/GareyJ79,
	Author = {M. R. Garey and David S. Johnson},
	Bibsource = {DBLP, http://dblp.uni-trier.de},
	Date-Added = {2012-01-30 13:35:41 -0500},
	Date-Modified = {2012-01-30 13:35:41 -0500},
	Isbn = {0-7167-1044-7},
	Publisher = {W. H. Freeman},
	Title = {Computers and Intractability: A Guide to the Theory of NP-Completeness},
	Year = {1979}}

@article{springerlink:10.1007/BF03025367,
	Affiliation = {The University of Birmingham School of Mathematics and Statistics B15 2TT Birmingham England},
	Author = {Kaye, Richard},
	Date-Added = {2012-01-27 16:01:48 -0500},
	Date-Modified = {2012-01-27 16:01:48 -0500},
	Issn = {0343-6993},
	Issue = {2},
	Journal = {The Mathematical Intelligencer},
	Keyword = {Mathematics and Statistics},
	Note = {10.1007/BF03025367},
	Pages = {9-15},
	Publisher = {Springer New York},
	Title = {Minesweeper is NP-complete},
	Url = {http://dx.doi.org/10.1007/BF03025367},
	Volume = {22},
	Year = {2000},
	Bdsk-Url-1 = {http://dx.doi.org/10.1007/BF03025367}}

@article{DBLP:journals/ijcga/BreukelaarDHHKL04,
	Author = {Ron Breukelaar and Erik D. Demaine and Susan Hohenberger and Hendrik Jan Hoogeboom and Walter A. Kosters and David Liben-Nowell},
	Bibsource = {DBLP, http://dblp.uni-trier.de},
	Date-Added = {2012-01-27 15:58:52 -0500},
	Date-Modified = {2012-01-27 15:58:52 -0500},
	Ee = {http://dx.doi.org/10.1142/S0218195904001354},
	Journal = {Int. J. Comput. Geometry Appl.},
	Number = {1-2},
	Pages = {41-68},
	Title = {Tetris is hard, even to approximate},
	Volume = {14},
	Year = {2004}}

@article{2012arXiv1201.4995V,
	Adsnote = {Provided by the SAO/NASA Astrophysics Data System},
	Adsurl = {http://adsabs.harvard.edu/abs/2012arXiv1201.4995V},
	Archiveprefix = {arXiv},
	Author = {{Viglietta}, G.},
	Date-Added = {2012-01-27 15:57:55 -0500},
	Date-Modified = {2012-01-27 15:57:55 -0500},
	Eprint = {1201.4995},
	Journal = {ArXiv e-prints},
	Keywords = {Computer Science - Computer Science and Game Theory, Computer Science - Computational Complexity},
	Month = jan,
	Primaryclass = {cs.GT},
	Title = {{Gaming is a hard job, but someone has to do it!}},
	Year = 2012}

@article{Karp_1972,
	Author = {Karp, R M},
	Date-Added = {2012-01-27 15:41:48 -0500},
	Date-Modified = {2012-01-27 15:41:48 -0500},
	Editor = {Miller, R E and Thatcher, J WEditors},
	Journal = {Complexity of Computer Computations},
	Number = {4},
	Pages = {85--103},
	Publisher = {Plenum Press},
	Title = {Reducibility among combinatorial problems},
	Url = {http://www.springerlink.com/index/L45H7011865P0257.pdf},
	Volume = {40},
	Year = {1972},
	Bdsk-Url-1 = {http://www.springerlink.com/index/L45H7011865P0257.pdf}}

@inproceedings{Moskewicz01chaff:engineering,
	Author = {Matthew W. Moskewicz and Conor F. Madigan and Ying Zhao and Lintao Zhang and Sharad Malik},
	Booktitle = {ANNUAL ACM IEEE DESIGN AUTOMATION CONFERENCE},
	Date-Added = {2012-01-25 17:57:13 -0500},
	Date-Modified = {2012-01-25 17:57:13 -0500},
	Pages = {530--535},
	Publisher = {ACM},
	Title = {Chaff: Engineering an Efficient SAT Solver},
	Year = {2001}}

@article{Qian03062011,
	Abstract = {To construct sophisticated biochemical circuits from scratch, one needs to understand how simple the building blocks can be and how robustly such circuits can scale up. Using a simple DNA reaction mechanism based on a reversible strand displacement process, we experimentally demonstrated several digital logic circuits, culminating in a four-bit square-root circuit that comprises 130 DNA strands. These multilayer circuits include thresholding and catalysis within every logical operation to perform digital signal restoration, which enables fast and reliable function in large circuits with roughly constant switching time and linear signal propagation delays. The design naturally incorporates other crucial elements for large-scale circuitry, such as general debugging tools, parallel circuit preparation, and an abstraction hierarchy supported by an automated circuit compiler.},
	Author = {Qian, Lulu and Winfree, Erik},
	Date-Added = {2011-11-03 12:28:54 -0400},
	Date-Modified = {2011-11-03 12:28:54 -0400},
	Doi = {10.1126/science.1200520},
	Eprint = {http://www.sciencemag.org/content/332/6034/1196.full.pdf},
	Journal = {Science},
	Number = {6034},
	Pages = {1196-1201},
	Title = {Scaling Up Digital Circuit Computation with DNA Strand Displacement Cascades},
	Url = {http://www.sciencemag.org/content/332/6034/1196.abstract},
	Volume = {332},
	Year = {2011},
	Bdsk-Url-1 = {http://www.sciencemag.org/content/332/6034/1196.abstract},
	Bdsk-Url-2 = {http://dx.doi.org/10.1126/science.1200520}}

@article{martinezBioGene2007,
	Abstract = {BACKGROUND:A finite state machine manipulating information-carrying DNA strands can be used to perform autonomous molecular-scale computations at the cellular level.RESULTS:We propose a new finite state machine able to detect and correct aberrant molecular phenotype given by mutated genetic transcripts. The aberrant mutations trigger a cascade reaction: specific molecular markers as input are released and induce a spontaneous self-assembly of a wild type protein or peptide, while the mutational disease phenotype is silenced. We experimentally demostrated in in vitro translation system that a viable protein can be autonomously assembled.CONCLUSION:Our work demostrates the basic principles of computational genes and particularly, their potential to detect mutations, and as a response thereafter administer an output that suppresses the aberrant disease phenotype and/or restores the lost physiological function.},
	Author = {Martinez-Perez, Israel and Zhang, Gong and Ignatova, Zoya and Zimmermann, Karl-Heinz},
	Date-Added = {2011-11-03 12:22:09 -0400},
	Date-Modified = {2011-11-03 12:22:54 -0400},
	Doi = {10.1186/1471-2105-8-365},
	Issn = {1471-2105},
	Journal = {BMC Bioinformatics},
	Number = {1},
	Pages = {365},
	Pubmedid = {17903261},
	Title = {Computational genes: a tool for molecular diagnosis and therapy of aberrant mutational phenotype},
	Url = {http://www.biomedcentral.com/1471-2105/8/365},
	Volume = {8},
	Year = {2007},
	Bdsk-Url-1 = {http://www.biomedcentral.com/1471-2105/8/365},
	Bdsk-Url-2 = {http://dx.doi.org/10.1186/1471-2105-8-365}}

@article{bayerAntiswitchGene,
	Author = {T Bayer and C Smolke},
	Date-Added = {2011-11-03 12:10:54 -0400},
	Date-Modified = {2011-11-03 12:15:56 -0400},
	Journal = {Nature Biotechnology},
	Number = {23},
	Pages = {337--343},
	Title = {Programmable ligand-controlled riboregulators of eukaryotic gene expression},
	Year = {2005}}

@article{Rothemund:2006fk,
	Annote = {10.1038/nature04586},
	Author = {Rothemund, Paul W. K.},
	Date = {2006/03/16/print},
	Date-Added = {2011-11-03 11:59:07 -0400},
	Date-Modified = {2011-11-03 11:59:07 -0400},
	Day = {16},
	Isbn = {0028-0836},
	Journal = {Nature},
	L3 = {http://www.nature.com/nature/journal/v440/n7082/suppinfo/nature04586_S1.html},
	M3 = {10.1038/nature04586},
	Month = {03},
	Number = {7082},
	Pages = {297--302},
	Title = {Folding DNA to create nanoscale shapes and patterns},
	Ty = {JOUR},
	Url = {http://dx.doi.org/10.1038/nature04586},
	Volume = {440},
	Year = {2006},
	Bdsk-Url-1 = {http://dx.doi.org/10.1038/nature04586}}

@techreport{xgrowSimulator,
	Author = {Erik Winfree and Rebecca Schulman and Constantine Evans},
	Date-Added = {2011-11-03 11:50:47 -0400},
	Date-Modified = {2011-11-03 11:55:19 -0400},
	Institution = {Caltech},
	Title = {The {X}grow {S}imulator. {A}ccessed from http://www.dna.caltech.edu/Xgrow},
	Year = {2003 -- 2011}}

@phdthesis{winfreeThesis,
	Author = {Erik Winfree},
	Date-Added = {2011-11-03 11:42:53 -0400},
	Date-Modified = {2011-11-03 11:43:38 -0400},
	School = {Caltech},
	Title = {Algorithmic {S}elf-{A}ssembly of {DNA}},
	Year = {1998}}

@misc{dnaTransistorIBMpressrelease,
	Author = {Michael Loughran},
	Date-Added = {2011-11-01 15:09:46 -0400},
	Date-Modified = {2012-02-09 08:31:25 -0500},
	Howpublished = {{A}ccessed from: \url{http://www-03.ibm.com/press/us/en/pressrelease/28558.wss}},
	Month = {October},
	Publisher = {{IBM} {M}edia {R}elations},
	Title = {{IBM} {R}esearch {A}ims to {B}uild {N}anoscale {DNA} {S}equencer to {H}elp {D}rive {D}own {C}ost of {P}ersonalized {G}enetic {A}nalysis.},
	Urldate = {October 6, 2009},
	Year = {2009}}

@inbook{nanoporeChapter11,
	Author = {Hongbo Peng and Binquan Luan and Gustavo Stolovitzky},
	Chapter = {11},
	Date-Added = {2011-11-01 15:02:00 -0400},
	Date-Modified = {2012-02-08 16:55:26 -0500},
	Publisher = {Springer},
	Title = {Nanopores: Sensing and Fundamental Biological Interactions},
	Year = {2011}}

@article{Kershner:2009fk,
	Annote = {10.1038/nnano.2009.220},
	Author = {Kershner, Ryan J. and Bozano, Luisa D. and Micheel, Christine M. and Hung, Albert M. and Fornof, Ann R. and Cha, Jennifer N. and Rettner, Charles T. and Bersani, Marco and Frommer, Jane and Rothemund, Paul W. K. and Wallraff, Gregory M.},
	Date = {2009/09//print},
	Date-Added = {2011-11-01 13:42:58 -0400},
	Date-Modified = {2012-02-08 17:03:26 -0500},
	Isbn = {1748-3387},
	Journal = {Nat Nano},
	L3 = {http://www.nature.com/nnano/journal/v4/n9/suppinfo/nnano.2009.220_S1.html},
	M3 = {10.1038/nnano.2009.220},
	Month = {09},
	Number = {9},
	Pages = {557--561},
	Publisher = {Nature Publishing Group},
	Title = {Placement and orientation of individual {DNA} shapes on lithographically patterned surfaces},
	Ty = {JOUR},
	Url = {http://dx.doi.org/10.1038/nnano.2009.220},
	Volume = {4},
	Year = {2009},
	Bdsk-Url-1 = {http://dx.doi.org/10.1038/nnano.2009.220}}

@inproceedings{dnaBasedImplemetation_Yoshida2000,
	Author = {Hiroshi Yoshida and Akira Suyama},
	Booktitle = {{DNA} Based Computers V},
	Date-Added = {2011-10-05 18:08:01 -0400},
	Date-Modified = {2011-10-05 18:18:32 -0400},
	Editor = {Erik Winfree and David Gifford},
	Pages = {9--22},
	Series = {DIMACS: Series in Discrete Mathematics and Theoretical Computer Science},
	Title = {Solution to 3-\sc{Sat} by Breadth First Search},
	Volume = {54},
	Year = {2000}}

@techreport{Ogihara97dna-basedparallel,
	Author = {Mitsunori Ogihara and Animesh Ray},
	Date-Added = {2011-10-05 18:02:53 -0400},
	Date-Modified = {2011-10-05 21:18:38 -0400},
	Institution = {University of Rochester},
	Title = {{DNA}-Based Parallel Computation by "Counting"},
	Year = {1997}}

@article{levin1973,
	Author = {Leonid Levin},
	Date-Added = {2011-09-19 10:37:10 -0400},
	Date-Modified = {2011-09-19 10:43:52 -0400},
	Journal = {Problemy Peredachi Informatsii},
	Number = {3},
	Pages = {115--116},
	Title = {Universal Search Problems (in {R}ussian)},
	Volume = {9},
	Year = {1973}}

@book{dnaComputingModels2008,
	Author = {Ignatova, Zoya and Martinez-Perez, Israel and Zimmerman, Karl-Heinz},
	Date-Added = {2011-09-08 11:34:40 -0400},
	Date-Modified = {2011-09-08 11:36:18 -0400},
	Publisher = {Springer},
	Title = {DNA Computing Models},
	Year = {2008}}

@article{wilsonKsat,
	Author = {David Wilson},
	Date-Added = {2011-09-07 21:16:30 -0400},
	Date-Modified = {2012-02-08 17:05:52 -0500},
	Journal = {Accessed from: \url{http://research.microsoft.com/en-us/um/people/dbwilson/ksat/default.htm}},
	Title = {Random $k$-{\sc {S}at} Generator},
	Year = {2011}}

@article{faulhammer2000mol,
	Abstract = {We have expanded the field of "DNA computers" to RNA and present a general approach for the solution of satisfiability problems. As an example, we consider a variant of the "Knight problem," which asks generally what configurations of knights can one place on an n x n chess board such that no knight is attacking any other knight on the board. Using specific ribonuclease digestion to manipulate strands of a 10-bit binary RNA library, we developed a molecular algorithm and applied it to a 3 x 3 chessboard as a 9-bit instance of this problem. Here, the nine spaces on the board correspond to nine "bits" or placeholders in a combinatorial RNA library. We recovered a set of "winning" molecules that describe solutions to this problem.},
	Author = {Faulhammer, D. and Cukras, A.R. and Lipton, R.J. and Landweber, L.F.},
	Date-Added = {2011-09-07 11:27:45 -0400},
	Date-Modified = {2011-10-05 21:21:35 -0400},
	Journal = {Proc Natl Acad Sci U S A},
	Number = {4},
	Pages = {1385-9},
	Title = {Molecular computation: {RNA} solutions to chess problems.},
	Volume = {97},
	Year = {2000}}

@book{molecularBiologyGene,
	Author = {Watson, James and Baker, Tania and Bell, Stephen and Gann, Alexander and Levine, Michael and Losick, Richard},
	Date-Added = {2011-09-06 12:00:23 -0400},
	Date-Modified = {2011-09-06 12:04:58 -0400},
	Edition = {5th},
	Publisher = {Pearson Education, Inc.},
	Title = {Molecular Biology of the Gene},
	Year = {2004}}

@book{Doherty08thehandbook,
	Author = {Patrick Doherty and Jonas Kvarnstr{\"o}m},
	Date-Added = {2011-05-02 13:32:24 -0400},
	Date-Modified = {2011-05-02 13:32:43 -0400},
	Publisher = {Elsevier},
	Title = {The Handbook of Knowledge Representation},
	Year = {2008}}

@misc{dimacsFormat,
	Author = {{DIMACS}},
	Date-Added = {2011-05-02 12:51:22 -0400},
	Date-Modified = {2012-02-09 08:32:06 -0500},
	Howpublished = {{A}ccessed from \url{ftp://dimacs.rutgers.edu/pub/challenge/satisfiability/}. {DIMACS} 1993.},
	Lastchecked = {May 2, 2011},
	Month = {May},
	Title = {{\sc {S}atisfiability} Suggested Format. {A}ccessed from \url{ftp://dimacs.rutgers.edu/pub/challenge/satisfiability/}. {DIMACS} 1993.},
	Url = {ftp:$//$dimacs.rutgers.edu$/$pub$/$challenge$/$satisfiability$/$},
	Urldate = {May 8, 1993},
	Year = {1993},
	Bdsk-Url-1 = {ftp:$//$dimacs.rutgers.edu$/$pub$/$challenge$/$satisfiability$/$}}

@incollection{Zhang2001,
	Affiliation = {Washington University Department of Computer Science Campus Box 1045 63130 One Brookings Drive St.Louis MO},
	Author = {Zhang, Weixiong},
	Booktitle = {Principles and Practice of Constraint Programming --- CP 2001},
	Date-Added = {2011-05-01 18:16:07 -0400},
	Date-Modified = {2011-05-01 18:18:37 -0400},
	Editor = {Walsh, Toby},
	Pages = {153-167},
	Publisher = {Springer Berlin $/$ Heidelberg},
	Series = {Lecture Notes in Computer Science},
	Title = {Phase Transitions and Backbones of 3-{\sc Sat} and Maximum 3-{\sc Sat}},
	Volume = {2239},
	Year = {2001},
	Bdsk-Url-1 = {http://dx.doi.org/10.1007/3-540-45578-7_11}}

@book{sipser06,
	Author = {Michael Sipser},
	Date-Added = {2011-04-29 12:54:18 -0400},
	Date-Modified = {2011-04-29 12:58:46 -0400},
	Publisher = {Course Technology},
	Title = {Introduction to the Theory of Computation, Second Edition},
	Year = {2006}}

@techreport{Ogihara:1996:BFS:898228,
	Address = {Rochester, NY, USA},
	Author = {Ogihara, Mitsunori},
	Date-Added = {2011-04-10 18:55:23 -0400},
	Date-Modified = {2011-10-05 21:19:33 -0400},
	Institution = {University of Rochester},
	Publisher = {University of Rochester},
	Source = {http://www.ncstrl.org:8900/ncstrl/servlet/search?formname=detail\&id=oai%3Ancstrlh%3Arochester_cs%3Ancstrl.rochester_cs%2F%2FTR629},
	Title = {Breadth First Search 3-{\sc Sat} Algorithms for {DNA} Computers},
	Year = {1996}}

@article{Monien1985287,
	Author = {B. Monien and E. Speckenmeyer},
	Date-Added = {2011-04-10 18:48:13 -0400},
	Date-Modified = {2011-04-10 18:59:02 -0400},
	Doi = {DOI: 10.1016/0166-218X(85)90050-2},
	Issn = {0166-218X},
	Journal = {Discrete Applied Mathematics},
	Number = {3},
	Pages = {287 - 295},
	Title = {Solving satisfiability in less than $2^n$ steps},
	Url = {http://www.sciencedirect.com/science/article/B6TYW-46BHSKB-1X/2/3d52536c9a5a4e1baf1ed0bc22554c5f},
	Volume = {10},
	Year = {1985},
	Bdsk-Url-1 = {http://www.sciencedirect.com/science/article/B6TYW-46BHSKB-1X/2/3d52536c9a5a4e1baf1ed0bc22554c5f},
	Bdsk-Url-2 = {http://dx.doi.org/10.1016/0166-218X(85)90050-2}}

@book{Amos:2005:TED:1088871,
	Address = {Secaucus, NJ, USA},
	Author = {Amos, Martyn},
	Date-Added = {2011-04-10 18:05:35 -0400},
	Date-Modified = {2011-04-10 18:08:38 -0400},
	Isbn = {3540657738},
	Publisher = {Springer-Verlag New York, Inc.},
	Title = {Theoretical and Experimental DNA Computation (Natural Computing Series)},
	Year = {2005}}

@inproceedings{Garey:1974:SNP:800119.803884,
	Acmid = {803884},
	Address = {New York, NY, USA},
	Author = {Garey, M. R. and Johnson, D. S. and Stockmeyer, L.},
	Booktitle = {Proceedings of the sixth annual ACM symposium on Theory of computing},
	Date-Added = {2011-04-10 17:53:29 -0400},
	Date-Modified = {2011-05-01 18:12:26 -0400},
	Doi = {http://doi.acm.org/10.1145/800119.803884},
	Location = {Seattle, Washington, United States},
	Numpages = {17},
	Pages = {47--63},
	Publisher = {ACM},
	Series = {STOC '74},
	Title = {Some simplified \textsf{NP-complete} problems},
	Url = {http://doi.acm.org/10.1145/800119.803884},
	Year = {1974},
	Bdsk-Url-1 = {http://doi.acm.org/10.1145/800119.803884}}

@inproceedings{Cook:1971:CTP:800157.805047,
	Acmid = {805047},
	Address = {New York, NY, USA},
	Author = {Cook, Stephen A.},
	Booktitle = {Proceedings of the third annual ACM symposium on Theory of computing},
	Date-Added = {2011-04-10 16:45:36 -0400},
	Date-Modified = {2011-04-10 16:45:36 -0400},
	Doi = {http://doi.acm.org/10.1145/800157.805047},
	Location = {Shaker Heights, Ohio, United States},
	Numpages = {8},
	Pages = {151--158},
	Publisher = {ACM},
	Series = {STOC '71},
	Title = {The complexity of theorem-proving procedures},
	Url = {http://doi.acm.org/10.1145/800157.805047},
	Year = {1971},
	Bdsk-Url-1 = {http://doi.acm.org/10.1145/800157.805047}}

@conference{Gent94thesat,
	Author = {Ian P. Gent and Toby Walsh},
	Booktitle = {ECAI},
	Date-Added = {2011-03-24 10:07:21 -0400},
	Date-Modified = {2011-05-04 16:25:45 -0400},
	Journal = {ECAI},
	Pages = {105--109},
	Publisher = {John Wiley {\&} Sons},
	Title = {The {\sc Sat} Phase Transition},
	Year = {1994}}

@article{springerlink:10.1007/PL00008276,
	Affiliation = {Department of Computer Science, University of Rochester, Rochester, NY 14627, USA. ogihara@cs.rochester.edu. US},
	Author = {Ogihara, M. and Ray, A.},
	Date-Added = {2011-03-23 21:18:03 -0400},
	Date-Modified = {2011-03-23 21:18:03 -0400},
	Issn = {0178-4617},
	Issue = {2},
	Journal = {Algorithmica},
	Keyword = {Computer Science},
	Note = {10.1007/PL00008276},
	Pages = {239-250},
	Publisher = {Springer New York},
	Title = {Simulating Boolean Circuits on a DNA Computer},
	Url = {http://dx.doi.org/10.1007/PL00008276},
	Volume = {25},
	Year = {1999},
	Bdsk-Url-1 = {http://dx.doi.org/10.1007/PL00008276}}

@article{Davis:1962:MPT:368273.368557,
	Acmid = {368557},
	Address = {New York, NY, USA},
	Author = {Davis, Martin and Logemann, George and Loveland, Donald},
	Date-Added = {2011-03-23 21:08:56 -0400},
	Date-Modified = {2011-03-23 21:08:56 -0400},
	Doi = {http://doi.acm.org/10.1145/368273.368557},
	Issn = {0001-0782},
	Issue = {7},
	Journal = {Commun. ACM},
	Month = {July},
	Numpages = {4},
	Pages = {394--397},
	Publisher = {ACM},
	Title = {A machine program for theorem-proving},
	Url = {http://doi.acm.org/10.1145/368273.368557},
	Volume = {5},
	Year = {1962},
	Bdsk-Url-1 = {http://doi.acm.org/10.1145/368273.368557}}

@article{Davis:1960:CPQ:321033.321034,
	Acmid = {321034},
	Address = {New York, NY, USA},
	Author = {Davis, Martin and Putnam, Hilary},
	Date-Added = {2011-03-23 21:04:48 -0400},
	Date-Modified = {2011-03-23 21:04:48 -0400},
	Doi = {http://doi.acm.org/10.1145/321033.321034},
	Issn = {0004-5411},
	Issue = {3},
	Journal = {J. ACM},
	Month = {July},
	Numpages = {15},
	Pages = {201--215},
	Publisher = {ACM},
	Title = {A Computing Procedure for Quantification Theory},
	Url = {http://doi.acm.org/10.1145/321033.321034},
	Volume = {7},
	Year = {1960},
	Bdsk-Url-1 = {http://doi.acm.org/10.1145/321033.321034}}

@article{Lipton95usingdna,
	Author = {Richard Lipton},
	Date-Added = {2011-03-19 20:51:25 -0400},
	Date-Modified = {2011-10-05 21:20:10 -0400},
	Journal = {Science},
	Pages = {542--545},
	Title = {Using {DNA} to Solve \textsf{NP-complete} Problems},
	Volume = {268},
	Year = {1995}}

@article{Adleman:1994:MCS:189441.189442,
	Acmid = {189442},
	Address = {Washington, DC, USA},
	Author = {Adleman, Leonard M.},
	Date-Added = {2011-03-18 22:52:18 -0400},
	Date-Modified = {2011-03-18 22:52:18 -0400},
	Issn = {0036-8075},
	Issue = {11},
	Journal = {Science},
	Month = {November},
	Numpages = {4},
	Pages = {1021--1024},
	Publisher = {American Association for the Advancement of Science},
	Title = {Molecular computation of solutions to combinatorial problems},
	Url = {http://portal.acm.org/citation.cfm?id=189441.189442},
	Volume = {266},
	Year = {1994},
	Bdsk-Url-1 = {http://portal.acm.org/citation.cfm?id=189441.189442}}

@article{Dave:2010:RTE:1711475.1711482,
	Acmid = {1711482},
	Address = {New York, NY, USA},
	Annote = {Review, own DNA exp and theory...},
	Author = {Dave, Maulik A.},
	Date-Added = {2011-03-18 22:30:26 -0400},
	Date-Modified = {2011-03-18 22:37:57 -0400},
	Doi = {http://doi.acm.org/10.1145/1711475.1711482},
	Issn = {0163-5700},
	Issue = {4},
	Journal = {SIGACT News},
	Month = {January},
	Numpages = {2},
	Pages = {35--36},
	Publisher = {ACM},
	Title = {Review 17 of theoretical and experimental DNA computation by M. Amos Published in 2005 by Springer-Verlag Berlin Heidelberg},
	Url = {http://doi.acm.org/10.1145/1711475.1711482},
	Volume = {40},
	Year = {2010},
	Bdsk-Url-1 = {http://doi.acm.org/10.1145/1711475.1711482}}

@misc{MartinMateos02molecularcomputation,
	Annote = {Implement simulation of Lipton. Use ACL2 (A Computational Logic for Applicative Common Lisp) for implementation.},
	Author = {F.J. Mart{\'\i}n-Mateos and J. A. Alonso and M.J. Perez-Jimenez and F. Sancho-Caparrini},
	Date-Modified = {2011-05-01 18:11:39 -0400},
	Title = {Molecular Computation Models in \text{ACL2}: a Simulation of \text{Lipton's} Experiment Solving {\sc SAT}},
	Year = {2002}}
